@inproceedings{Vlcek:2010:FBE:1925059.1925075,
 author = {Vl\v{c}ek, Adam and Havel, Ji\v{r}\'{\i} and Herout, Adam},
 title = {Front-to-back Blending with Early Fragment Discarding},
 booktitle = {Proceedings of the 26th Spring Conference on Computer Graphics},
 series = {SCCG '10},
 year = {2010},
 isbn = {978-1-4503-0558-7},
 location = {Budmerice, Slovakia},
 pages = {85--92},
 numpages = {8},
 url = {http://doi.acm.org.ezproxy.falmouth.ac.uk/10.1145/1925059.1925075},
 doi = {10.1145/1925059.1925075},
 acmid = {1925075},
 publisher = {ACM},
}
